<?xml version="1.0" encoding="UTF-8"?><collection xmlns="http://www.loc.gov/MARC21/slim"><record><leader>00346nam--2200121-i-4500</leader><controlfield tag="001">000010018</controlfield><controlfield tag="002">20161230</controlfield><controlfield tag="005">20161230201028</controlfield><controlfield tag="008">060222s1000------------r-----000-0-eng-d</controlfield><datafield ind1=" " ind2=" " tag="245"><subfield code="a">Bibliography of laser publications of interest to emission spectroscopists</subfield></datafield><datafield ind1=" " ind2=" " tag="260"><subfield code="a">Idaho Falls, Idaho Nuclear Corp., 1970</subfield></datafield><datafield ind1=" " ind2=" " tag="490"><subfield code="a">13p</subfield></datafield><datafield ind1=" " ind2=" " tag="700"><subfield code="a">Baldwin, Jon M</subfield></datafield></record></collection>